@ARTICLE{StageViz,
    author = {Dongwook Lee, Minsoo Hahn},
    title = {StageViz: Visualization and Storyboarding Tool for Performing Art},
    journal = "IEEE International Conference",
    year = 2013,
    pages = {1--3}
}
@ARTICLE{robotArt,
    author = {Dongwook Lee, Jinsul Kim, Minsoo Hahn},
    title = {Visualization and Authoring System for Robot Based Performing Art},
    journal = "Advanced Science and Technology Letters",
    year = 2013,
    volume = 42,
    pages = 44--47}
}
@ARTICLE{robotPlop,
    author = {Dongwook Lee, Jinsul Kim, Ilmin Kim and Minsoo Hahn},
    title = {Virtual Assembly System for Robot Actor in Performing Art},
    journal = "International Journal of Software Engineering and Its Applications",
    year = 2013,
    volume = 8,
    pages = {339--350}
}